@inproceedings{amanatides1987fast,
  title={A fast voxel traversal algorithm for ray tracing},
  author={Amanatides, John and Woo, Andrew and others},
  booktitle={Eurographics},
  volume={87},
  number={3},
  pages={10},
  year={1987}
}
@misc{wiki:123,
   author = "Wikipedia",
   title = "Plagiarism --- {W}ikipedia{,} The Free Encyclopedia",
   year = "2004",
   url = "\url{http://en.wikipedia.org/w/index.php?title=Plagiarism&oldid=5139350}",
   note = "[Online; accessed 22-July-2004]"
 }
